<?xml version="1.0" encoding="UTF-8"?><collection xmlns="http://www.loc.gov/MARC21/slim"><record><leader>00341nam--2200121-i-4500</leader><controlfield tag="001">000002517</controlfield><controlfield tag="002">20161230</controlfield><controlfield tag="005">20161230201025</controlfield><controlfield tag="008">060222s1000------------r-----000-0-eng-d</controlfield><datafield ind1=" " ind2=" " tag="080"><subfield code="a">621.3.049.77(085.4)</subfield></datafield><datafield ind1=" " ind2=" " tag="245"><subfield code="a">Circuits integres lineaires.(linear integrated circuits.1975/1976.)</subfield></datafield><datafield ind1=" " ind2=" " tag="260"><subfield code="a">Paris, Thomson-csf, 1976. 1113 P</subfield></datafield><datafield ind1=" " ind2=" " tag="852"><subfield code="a">D.2112</subfield></datafield></record></collection>